<?xml version="1.0" encoding="UTF-8"?><collection xmlns="http://www.loc.gov/MARC21/slim"><record><leader>00479nam--2200169-i-4500</leader><controlfield tag="001">000042024</controlfield><controlfield tag="002">20161230</controlfield><controlfield tag="005">20161230201043</controlfield><controlfield tag="008">060222s1000------------r-----000-0-eng-d</controlfield><datafield ind1=" " ind2=" " tag="040"><subfield code="a">IFIN-HH</subfield></datafield><datafield ind1=" " ind2=" " tag="080"><subfield code="a">51(038)+20</subfield></datafield><datafield ind1="1" ind2=" " tag="100"><subfield code="a">Sneddon, I.N</subfield></datafield><datafield ind1="1" ind2="0" tag="245"><subfield code="a">Encyclopedic dictionary of mathematics for engineers and applied scientists</subfield><subfield code="c">I.n. sneddon (ed.)</subfield></datafield><datafield ind1=" " ind2=" " tag="260"><subfield code="a">Oxford</subfield><subfield code="b">Pergamon Press</subfield><subfield code="c">1976</subfield></datafield><datafield ind1=" " ind2=" " tag="300"><subfield code="a">VII + 747 P</subfield></datafield><datafield ind1=" " ind2=" " tag="852"><subfield code="a">D.152</subfield><subfield code="c">SLG</subfield></datafield><datafield ind1=" " ind2=" " tag="CAT"><subfield code="a">Sys</subfield><subfield code="c">20130207</subfield><subfield code="h">154615</subfield></datafield></record></collection>